@article{Bou+14,
    author = {Remco Bouckaert and Joseph Heled and Denise K\"uhnert
                  and Tim Vaughan and Chieh-Hsi Wu and Dong Xie
                  and Marc A. Suchard and Andrew Rambaut
                  and Alexei J. Drummond},
    year = {2014},
    title = {BEAST 2: A Software Platform for Bayesian Evolutionary Analysis},
    journaltitle = {PLoS Comput Biol},
    volume = {10},
    number = {4},
    pages = {e1003537},
    doi = {10.1371/journal.pcbi.1003537}
}

@article{Dru+12,
    author = {Alexei J. Drummond and Marc A. Suchard and Dong Xie
                  and Andrew Rambaut},
    year = {2012},
    title = {Bayesian phylogenetics with {BEAU}ti and the {BEAST} 1.7},
    journaltitle = {Mol Biol Evol},
    volume = {29},
    number = {8},
    pages = {1969--1973},
    doi = {10.1093/molbev/mss075}
}

@article{Has70,
    author = {W. K. Hastings},
    year = {1970},
    title = {Monte Carlo sampling methods using Markov chains and their
                 applications},
    journaltitle = {Biometrika},
    volume = {57},
    number = {1},
    pages = {97--109},
    doi = {10.1093/biomet/57.1.97}
}

@article{Met+53,
    author = {Nicholas Metropolis and Arianna W. Rosenbluth
                 and Marshall N. Rosenbluth and Augusta H. Teller
                 and Edward Teller},
    year = {1953},
    title = {Equation of State Calculations by Fast Computing Machines},
    journaltitle = {J Chem Phys},
    volume = {21},
    number = {6},
    pages = {1087--1092},
    doi = {10.1063/1.1699114}
}

@inbook{Nea11,
    author = {Radford M. Neal},
    year = {2011},
    title = {MCMC Using Hamiltonian Dynamics},
    booktitle = {Handbook of Markov Chain Monte Carlo},
    publisher = {Chapman and Hall/CRC},
    address = {Boca Raton, Florida},
    pages = {113--162},
    url = {http://www.mcmchandbook.net/HandbookChapter5.pdf}
}

@article{RH03,
    author = {Fredrik Ronquist and John P. Huelsenbeck},
    year = {2003},
    title = {Mr{B}ayes 3: {B}ayesian phylogenetic inference under mixed
                 models},
    journaltitle = {Bioinformatics},
    volume = {19},
    number = {12},
    pages = {1572--1574},
    doi = {10.1093/bioinformatics/btg180}
}
